@article{hladish2012epifire,
  title={EpiFire: An open source C++ library and application for contact network epidemiology},
  author={Hladish, Thomas and Melamud, Eugene and Barrera, Luis and Galvani, Alison and Meyers, Lauren},
  journal={BMC Bioinformatics},
  volume={13},
  number={1},
  pages={76},
  year={2012},
  publisher={BioMed Central Ltd}
}